@online{koks_entity_2023,
  type = {repository},
  title = {Entity Gateway Interfaces},
  shorttitle = {Entity Gateway Interfaces},
  author = {Koks, Gerco},
  date = {2023},
  url = {https://github.com/LiquidVisions/LiquidVisions.PanthaRhei/tree/master/Generator/src/PanthaRhei.Generator.Domain/Gateways},
  urldate = {2023-01-15},
  organization = {{github}},
  file = {C\:\\Users\\gerco\\Zotero\\storage\\EZEVNKNC\\Gateways.html}
}

@online{koks_seedingboundary_2023,
  type = {repository},
  title = {{{SeedingBoundary}}},
  shorttitle = {{{SeedingBoundary}}},
  author = {Koks, Gerco},
  date = {2023-01-15},
  url = {https://github.com/LiquidVisions/LiquidVisions.PanthaRhei/blob/master/Generator/src/PanthaRhei.Generator.Application/Boundaries/SeedingBoundary.cs},
  urldate = {2023-01-15},
  organization = {{github}},
  file = {C\:\\Users\\gerco\\Zotero\\storage\\VNCXU7K4\\SeedingBoundary.html}
}
